%% This BibTeX bibliography file was created using BibDesk.
%% http://bibdesk.sourceforge.net/

%% Created for Roberto Stelling at 2018-02-05 11:22:03 -0200 


%% Saved with string encoding Unicode (UTF-8) 



@article{hotelling1933analysis,
	Author = {Hotelling, Harold},
	Date-Added = {2018-02-05 13:20:14 +0000},
	Date-Modified = {2018-02-05 13:20:14 +0000},
	Journal = {Journal of educational psychology},
	Number = {6},
	Pages = {417},
	Publisher = {Warwick \& York},
	Title = {Analysis of a complex of statistical variables into principal components.},
	Volume = {24},
	Year = {1933}}

@article{pearson1901principal,
	Author = {Pearson, Karl},
	Date-Added = {2018-02-05 13:07:22 +0000},
	Date-Modified = {2018-02-05 13:07:51 +0000},
	Journal = {The London, Edinburgh, and Dublin Philosophical Magazine and Journal of Science},
	Keywords = {PCA, Principal Component Analysis},
	Number = {2},
	Pages = {559},
	Title = {Principal components analysis},
	Volume = {6},
	Year = {1901}}

@incollection{jolliffe1986principal,
	Author = {Jolliffe, Ian T},
	Booktitle = {Principal component analysis},
	Date-Added = {2018-02-01 19:50:52 +0000},
	Date-Modified = {2018-02-01 19:51:14 +0000},
	Keywords = {PCA},
	Pages = {115--128},
	Publisher = {Springer},
	Title = {Principal component analysis and factor analysis},
	Year = {1986}}

@book{Goodfellow:2016aa,
	Author = {Goodfellow, Ian and Bengio, Yoshua and Courville, Aaron},
	Date-Added = {2018-02-01 19:36:45 +0000},
	Date-Modified = {2018-02-05 13:22:00 +0000},
	Keywords = {Machine Learning},
	Publisher = {MIT press Cambridge},
	Title = {Deep learning},
	Volume = {1},
	Year = {2016}}
